@article{chavez2016extreme,
  title={An extreme value approach for modeling operational risk losses depending on covariates},
  author={Chavez-Demoulin, Val{\'e}rie and Embrechts, Paul and Hofert, Marius},
  journal={Journal of Risk and Insurance},
  volume={83},
  number={3},
  pages={735--776},
  year={2016},
  publisher={Wiley Online Library}
}

@book{coles2001introduction,
  title={An introduction to statistical modeling of extreme values},
  author={Coles, Stuart and Bawa, Joanna and Trenner, Lesley and Dorazio, Pat},
  volume={208},
  year={2001},
  publisher={Springer}
}

@book{wood2017generalized,
  title={Generalized additive models: an introduction with R},
  author={Wood, Simon N},
  year={2017},
  publisher={Chapman and Hall/CRC}
}

@article{thiombiano2017nonstationary,
  title={Nonstationary frequency analysis of extreme daily precipitation amounts in Southeastern Canada using a peaks-over-threshold approach},
  author={Thiombiano, Alida N and El Adlouni, Salaheddine and St-Hilaire, Andr{\'e} and Ouarda, Taha BMJ and El-Jabi, Nassir},
  journal={Theoretical and Applied Climatology},
  volume={129},
  number={1-2},
  pages={413--426},
  year={2017},
  publisher={Springer}
}

@article{cox1987parameter,
  title={Parameter orthogonality and approximate conditional inference},
  author={Cox, David Roxbee and Reid, Nancy},
  journal={Journal of the Royal Statistical Society: Series B (Methodological)},
  volume={49},
  number={1},
  pages={1--18},
  year={1987},
  publisher={Wiley Online Library}
}

@book{green1993nonparametric,
  title={Nonparametric regression and generalized linear models: a roughness penalty approach},
  author={Green, Peter J and Silverman, Bernard W},
  year={1993},
  publisher={Chapman and Hall/CRC}
}

@book{charpentier2014computational,
  title={Computational actuarial science with R},
  author={Charpentier, Arthur},
  year={2014},
  publisher={CRC press}
}